@article{sample,
  title={Sample Title},
  author={author},
  journal={journal},
  volume={volume},
  number={number},
  pages={pages},
  year={1997},
  publisher={publisher}
}