@article{Fertin2014DExTaRDO,
  title={DExTaR: Detection of exact tandem repeats based on the de Bruijn graph},
  author={Guillaume Fertin and G{\'e}raldine Jean and Andreea Radulescu and Irena Rusu},
  journal={2014 IEEE International Conference on Bioinformatics and Biomedicine (BIBM)},
  year={2014},
  pages={90-93},
  url={https://api.semanticscholar.org/CorpusID:533401}
}

@article{EH,
  title={Detection of long repeat expansions from PCR-free whole-genome sequence data},
  author={Dolzhenko, Egor and van Vugt, Joke JFA and Shaw, Richard J and Bekritsky, Mitchell A and van Blitterswijk, Marka and Narzisi, Giuseppe and Ajay, Subramanian S and Rajan, Vani and Lajoie, Bryan R and Johnson, Nathan H and others},
  journal={Genome research},
  volume={27},
  number={11},
  pages={1895--1903},
  year={2017},
  publisher={Cold Spring Harbor Lab}
}

@article{EHdn,
  title={Bioinformatics-based identification of expanded repeats: a non-reference intronic pentamer expansion in RFC1 causes CANVAS},
  author={Rafehi, Haloom and Szmulewicz, David J and Bennett, Mark F and Sobreira, Nara LM and Pope, Kate and Smith, Katherine R and Gillies, Greta and Diakumis, Peter and Dolzhenko, Egor and Eberle, Michael A and others},
  journal={The American Journal of Human Genetics},
  volume={105},
  number={1},
  pages={151--165},
  year={2019},
  publisher={Elsevier}
}

@article{trgt,
  title={Characterization and visualization of tandem repeats at genome scale},
  author={Dolzhenko, Egor and English, Adam and Dashnow, Harriet and De Sena Brandine, Guilherme and Mokveld, Tom and Rowell, William J and Karniski, Caitlin and Kronenberg, Zev and Danzi, Matt C and Cheung, Warren A and others},
  journal={Nature Biotechnology},
  pages={1--9},
  year={2024},
  publisher={Nature Publishing Group US New York}
}

@article{longTR,
  title={Genome-wide profiling of genetic variation at tandem repeat from long reads},
  author={Jam, Helyaneh Ziaei and Zook, Justin M and Javadzadeh, Sara and Park, Jonghun and Sehgal, Aarushi and Gymrek, Melissa},
  journal={bioRxiv},
  year={2024},
  publisher={Cold Spring Harbor Laboratory Preprints}
}

@article{warpSTR,
  title={WarpSTR: Determining tandem repeat lengths using raw nanopore signals},
  author={Sitar{\v{c}}{\'\i}k, Jozef and Vina{\v{r}}, Tom{\'a}{\v{s}} and Brejov{\'a}, Bro{\v{n}}a and Krampl, Werner and Budi{\v{s}}, Jaroslav and Radv{\'a}nszky, J{\'a}n and Luck{\'a}, M{\'a}ria},
  journal={Bioinformatics},
  volume={39},
  number={6},
  pages={btad388},
  year={2023},
  publisher={Oxford University Press}
}
